<record><leader>00000cas a22000007a 4500</leader><controlfield tag="001">9954095</controlfield><controlfield tag="008">830927d18751882ksuwr ne      0    0eng d</controlfield><datafield ind1=" " ind2=" " tag="010"><subfield code="a">sn 83040537 </subfield></datafield><datafield ind1=" " ind2=" " tag="040"><subfield code="a">KSH</subfield><subfield code="b">eng</subfield><subfield code="c">KSH</subfield><subfield code="d">NPT</subfield><subfield code="d">NPX</subfield><subfield code="d">NPT</subfield><subfield code="d">NVF</subfield><subfield code="d">OCLCQ</subfield><subfield code="d">OCLCF</subfield><subfield code="d">OCLCO</subfield></datafield><datafield ind1="1" ind2=" " tag="029"><subfield code="a">AU@</subfield><subfield code="b">000020287421</subfield></datafield><datafield ind1=" " ind2=" " tag="042"><subfield code="a">msc</subfield></datafield><datafield ind1=" " ind2=" " tag="043"><subfield code="a">n-us-ks</subfield></datafield><datafield ind1="0" ind2=" " tag="130"><subfield code="a">Kansas herald (Hiawatha, Kan.)</subfield></datafield><datafield ind1="1" ind2="0" tag="245"><subfield code="a">Kansas herald.</subfield></datafield><datafield ind1=" " ind2=" " tag="260"><subfield code="a">Hiawatha, Kan. :</subfield><subfield code="b">Burger, Roberts &amp; McCreary,</subfield><subfield code="c">-1882.</subfield></datafield><datafield ind1=" " ind2=" " tag="300"><subfield code="a">v. ;</subfield><subfield code="c">61 cm.</subfield></datafield><datafield ind1=" " ind2=" " tag="310"><subfield code="a">Weekly</subfield></datafield><datafield ind1="0" ind2=" " tag="362"><subfield code="a">-v. 8, no. 35 (Feb. 17, 1882).</subfield></datafield><datafield ind1="1" ind2=" " tag="362"><subfield code="a">Began with Oct. 9, 1875 issue.</subfield><subfield code="z">Cf. Gregory, W. Amer. newpapers.</subfield></datafield><datafield ind1=" " ind2=" " tag="500"><subfield code="a">Editor: S.L. Roberts, &lt;1876&gt;.</subfield></datafield><datafield ind1=" " ind2=" " tag="530"><subfield code="a">Available on microfilm from Micro Photo Div., Bell &amp; Howell Co.</subfield></datafield><datafield ind1=" " ind2=" " tag="588"><subfield code="a">Description based on: New ser., v. 1, no. 14 (Jan. 8, 1876).</subfield></datafield><datafield ind1=" " ind2="0" tag="651"><subfield code="a">Hiawatha (Kan.)</subfield><subfield code="v">Newspapers.</subfield></datafield><datafield ind1=" " ind2="7" tag="655"><subfield code="a">Newspapers.</subfield><subfield code="2">fast</subfield><subfield code="0">(OCoLC)fst01423814</subfield></datafield><datafield ind1=" " ind2="7" tag="651"><subfield code="a">Kansas</subfield><subfield code="z">Hiawatha.</subfield><subfield code="2">fast</subfield><subfield code="0">(OCoLC)fst01219136</subfield></datafield><datafield ind1=" " ind2=" " tag="752"><subfield code="a">United States</subfield><subfield code="b">Kansas</subfield><subfield code="c">Brown</subfield><subfield code="d">Hiawatha.</subfield></datafield><datafield ind1="0" ind2="0" tag="780"><subfield code="t">Brown County advocate</subfield><subfield code="w">(DLC)sn 83040586</subfield></datafield><datafield ind1="0" ind2="0" tag="785"><subfield code="t">Weekly Kansas herald</subfield><subfield code="w">(DLC)sn 83040529</subfield></datafield></record>